@inproceedings{anastasi2003-experimenting,
  author          = {Giuseppe Anastasi and Renata Bandelloni and Marco Conti and Franca Delmastro and Enrico Gregori and Giovanni Mainetto},
  title           = {{Experimenting an Indoor Bluetooth-Based Positioning Service}},
  booktitle       = {ICDCS Workshops},
  year            = 2003,
  pages           = {480--483},
}

@article{arulampalam2002-tutorial,
  author          = {M. Sanjeev Arulampalam and Simon Maskell and Neil J. Gordon and Tim Clapp},
  title           = {{A Tutorial on Particle Filters for Online Nonlinear/non-Gaussian Bayesian tracking}},
  volume          = 50,
  number          = 2,
  pages           = {174--188},
  year            = 2002,
  journaltitle    = {{IEEE Transactions on Signal Processing}},
}

@online{authority2014-subway,
  author          = {Metropolitan Transportation Authority},
  note            = {Retrieved on March 15, 2016.},
  title           = {Subway and Bus Ridership Statistics 2014},
  url             = {http://web.mta.info/nyct/facts/ridership/},
  year            = 2014,
}

@inproceedings{baba2014-handling,
  author          = {Asif Iqbal Baba and Hua Lu and Torben Bach Pedersen and Xike Xie},
  title           = {{Handling False Negatives in Indoor {RFID} Data}},
  booktitle       = {MDM},
  year            = 2014,
  pages           = {117--126},
}

@inproceedings{bell2010-wifi,
  author          = {Scott Bell and Wook Rak Jung and Vishwa Krishnakumar},
  title           = {WiFi-based enhanced positioning systems: accuracy through mapping, calibration, and classification},
  booktitle       = {Indoor Spatial Awareness Workshop},
  year            = 2010,
  pages           = {3--9},
}

@inproceedings{carlone2010-rao,
  author          = {Luca Carlone and Miguel Efrain Kaouk Ng and Jingjing Du and Basilio Bona and Marina Indri},
  title           = {Rao-Blackwellized Particle Filters multi robot SLAM with unknown initial correspondences and limited communication},
  booktitle       = {ICRA},
  year            = 2010,
  pages           = {243-249},
}

@inproceedings{chen2010-leveraging,
  author          = {Haiquan Chen and Wei-Shinn Ku and Haixun Wang and Min-Te Sun},
  title           = {Leveraging spatio-temporal redundancy for RFID data cleansing},
  booktitle       = {SIGMOD Conference},
  year            = 2010,
  pages           = {51-62},
}

@inproceedings{cheng2009-evaluating,
  author          = {Reynold Cheng and Lei Chen and Jinchuan Chen and Xike Xie},
  title           = {Evaluating probability threshold k-nearest-neighbor queries over uncertain data},
  booktitle       = {EDBT},
  year            = 2009,
  pages           = {672-683},
}

@article{faragher2012-understanding,
  author          = {Faragher, R.},
  title           = {Understanding the Basis of the Kalman Filter Via a Simple and Intuitive Derivation [lecture Notes]},
  volume          = 29,
  number          = 5,
  pages           = {128-132},
  year            = 2012,
  doi             = {10.1109/MSP.2012.2203621},
  ISSN            = {1053-5888},
  journaltitle    = {Signal Processing Magazine, IEEE},
  keywords        = {Gaussian processes;Kalman filters;teaching;Gaussian functions;Kalman filter;intuitive
                     derivation;mathematics;teaching;Gaussian processes;Kalman filters;Mathematics},
  month           = {Sept},
}

@article{geng2014-indoor,
  author          = {Li Geng and M{\'{o}}nica F. Bugallo and Akshay Athalye and Petar M. Djuric},
  title           = {{Indoor Tracking With {RFID} Systems}},
  volume          = 8,
  number          = 1,
  pages           = {96--105},
  year            = 2014,
  journaltitle    = {J. Sel. Topics Signal Processing},
}

@article{gordon1993-novel,
  author          = {Gordon, N.J. and Salmond, D.J. and Smith, A.F.M.},
  journaltitle    = {IEE Proceedings F on Radar and Signal Processing},
  month           = {apr},
  number          = 2,
  pages           = {107-113},
  title           = {Novel Approach To Nonlinear/non-Gaussian Bayesian State Estimation},
  volume          = 140,
  year            = 1993,
}

@article{hjaltason1999-distance,
  author          = {G\'{\i}sli R. Hjaltason and Hanan Samet},
  title           = {Distance Browsing in Spatial Databases},
  volume          = 24,
  number          = 2,
  pages           = {265-318},
  year            = 1999,
  journaltitle    = {ACM Trans. Database Syst.},
}

@inproceedings{jeffery2006-adaptive,
  author          = {Shawn R. Jeffery and Minos N. Garofalakis and Michael J. Franklin},
  title           = {Adaptive {C}leaning for {R}{F}{I}{D} {D}ata {S}treams},
  booktitle       = {VLDB},
  year            = 2006,
  pages           = {163-174},
}

@article{jeffery2008-adaptive,
  author          = {Shawn R. Jeffery and Michael J. Franklin and Minos N. Garofalakis},
  title           = {An {A}daptive {RFID} {M}iddleware for {S}upporting {M}etaphysical {D}ata {I}ndependence},
  volume          = 17,
  number          = 2,
  pages           = {265-289},
  year            = 2008,
  journaltitle    = {VLDB J.},
}

@inproceedings{jensen2009-graph,
  author          = {Christian S. Jensen and Hua Lu and Bin Yang},
  title           = {{Graph Model Based Indoor Tracking}},
  booktitle       = {MDM},
  year            = 2009,
  pages           = {122--131},
}

@article{ku2013-bayesian,
  author          = {Wei-Shinn Ku and Haiquan Chen and Haixun Wang and Min-Te Sun},
  title           = {A Bayesian Inference-Based Framework for Rfid Data Cleansing},
  volume          = 25,
  number          = 10,
  pages           = {2177-2191},
  year            = 2013,
  journaltitle    = {IEEE Trans. Knowl. Data Eng.},
}

@article{kullback1951-information,
  author          = {Solomon Kullback and Richard A. Leibler},
  title           = {On Information and Sufficiency},
  volume          = 22,
  pages           = {49--86},
  year            = 1951,
  journaltitle    = {Annals of Mathematical Statistics},
}

@article{lee2012-road,
  author          = {Ken C. K. Lee and Wang-Chien Lee and Baihua Zheng and Yuan Tian},
  title           = {Road: A New Spatial Object Search Framework for Road Networks},
  volume          = 24,
  number          = 3,
  pages           = {547-560},
  year            = 2012,
  bibsource       = {DBLP, http://dblp.uni-trier.de},
  ee              = {http://doi.ieeecomputersociety.org/10.1109/TKDE.2010.243},
  journaltitle    = {IEEE Trans. Knowl. Data Eng.},
}

@inproceedings{letchner2009-access,
  author          = {Julie Letchner and Christopher R{\'e} and Magdalena Balazinska and Matthai Philipose},
  title           = {Access Methods for Markovian Streams},
  booktitle       = {ICDE},
  year            = 2009,
  pages           = {246-257},
}

@inproceedings{li2008-lattice,
  author          = {Dandan Li and Dik Lun Lee},
  title           = {A Lattice-Based Semantic Location Model for Indoor Navigation},
  booktitle       = {MDM},
  year            = 2008,
  pages           = {17-24},
}

@inproceedings{li2010-kalman,
  author          = {Xin Li and Kejun Wang and Wei Wang and Yang Li},
  booktitle       = {Information and Automation (ICIA), 2010 IEEE International Conference on},
  doi             = {10.1109/ICINFA.2010.5512258},
  keywords        = {Kalman filters;image motion analysis;image sequences;object detection;tracking;Kalman filter motion model;camera
                     monitoring scene;human image sequence;inter-object occlusion;object tracking method;vehicle image sequence;Cameras;Cost
                     function;Humans;Image sequences;Layout;Monitoring;Motion detection;Object detection;Target tracking;Vehicles;Kalam
                     filter;Occlusion;motion model;multi-object tracking},
  month           = {June},
  pages           = {1862-1866},
  title           = {A multiple object tracking method using Kalman filter},
  year            = 2010,
}

@book{maybeck1979-stochastic,
  year            = 1979,
  Author          = {Maybeck, Peter S.},
  Series          = {Mathematics in Science and Engineering},
  Title           = {Stochastic models, estimation, and control},
  Volume          = 141,
}

@inproceedings{papadias2003-query,
  author          = {Dimitris Papadias and Jun Zhang and Nikos Mamoulis and Yufei Tao},
  title           = {Query Processing in Spatial Network Databases},
  booktitle       = {VLDB},
  year            = 2003,
  pages           = {802-813},
}

@inproceedings{re2008-event,
  author          = {Christopher R{\'e} and Julie Letchner and Magdalena Balazinska and Dan Suciu},
  title           = {Event queries on correlated probabilistic streams},
  booktitle       = {SIGMOD Conference},
  year            = 2008,
  pages           = {715-728},
}

@inproceedings{roussopoulos1995-nearest,
  author          = {Nick Roussopoulos and Stephen Kelley and Fr{\'e}d{\'e}ic Vincent},
  title           = {Nearest Neighbor Queries},
  booktitle       = {SIGMOD Conference},
  year            = 1995,
  pages           = {71-79},
}

@inproceedings{samet2008-scalable,
  author          = {Hanan Samet and Jagan Sankaranarayanan and Houman Alborzi},
  title           = {Scalable network distance browsing in spatial databases},
  booktitle       = {SIGMOD Conference},
  year            = 2008,
  pages           = {43-54},
}

@article{santos2008-rfid,
  author          = {Brian L. Dos Santos and Lars S. Smith},
  title           = {{RFID} in the {S}upply {C}hain: {P}anacea Or {P}andora's {B}ox?},
  volume          = 51,
  number          = 10,
  pages           = {127-131},
  year            = 2008,
  journaltitle    = {Commun. ACM},
}

@article{sullivan2005-rfid,
  author          = {Laurie Sullivan},
  title           = {{R}{F}{I}{D} {I}mplementation {C}hallenges {P}ersist, {A}ll {T}his {T}ime {L}ater},
  year            = 2005,
  journaltitle    = {InformationWeek},
  month           = {October},
}

@inproceedings{tran2009-probabilistic,
  author          = {Thanh T. L. Tran and Charles Sutton and Richard Cocci and Yanming Nie and Yanlei Diao and Prashant J. Shenoy},
  title           = {Probabilistic Inference over RFID Streams in Mobile Environments},
  booktitle       = {ICDE},
  year            = 2009,
  pages           = {1096-1107},
}

@article{want2004-magic,
  author          = {Roy Want},
  title           = {The Magic of Rfid},
  volume          = 2,
  number          = 7,
  pages           = {40-48},
  year            = 2004,
  journaltitle    = {ACM Queue},
}

@inproceedings{welbourne2008-cascadia,
  author          = {Evan Welbourne and Nodira Khoussainova and Julie Letchner and Yang Li and Magdalena Balazinska and Gaetano Borriello
                     and Dan Suciu},
  title           = {Cascadia: a system for specifying, detecting, and managing rfid events},
  booktitle       = {MobiSys},
  year            = 2008,
  pages           = {281-294},
}

@article{welbourne2009-building,
  author          = {Evan Welbourne and Leilani Battle and Garrett Cole and Kayla Gould and Kyle Rector and Samuel Raymer and Magdalena
                     Balazinska and Gaetano Borriello},
  title           = {{Building the Internet of Things Using Rfid: The Rfid Ecosystem Experience}},
  volume          = 13,
  number          = 3,
  pages           = {48--55},
  year            = 2009,
  journaltitle    = {{IEEE} Internet Computing},
}

@inproceedings{welbourne2009-longitudinal,
  author          = {Evan Welbourne and Karl Koscher and Emad Soroush and Magdalena Balazinska and Gaetano Borriello},
  title           = {Longitudinal study of a building-scale RFID ecosystem},
  booktitle       = {MobiSys},
  year            = 2009,
  pages           = {69-82},
}

@inproceedings{welle2010-optimization,
  author          = {Jochen Welle and Dirk Schulz and Thomas Bachran and Armin B. Cremers},
  title           = {Optimization techniques for laser-based 3D particle filter SLAM},
  booktitle       = {ICRA},
  year            = 2010,
  pages           = {3525-3530},
}

@online{wikipedia2016-new,
  author          = {Wikipedia},
  note            = {Retrieved on March 15, 2016.},
  title           = {New York City Subway},
  url             = {http://en.wikipedia.org/wiki/New_York_City_Subway},
  year            = 2016,
}

@inproceedings{yang2009-scalable,
  author          = {Bin Yang and Hua Lu and Christian S. Jensen},
  title           = {Scalable continuous range monitoring of moving objects in symbolic indoor space},
  booktitle       = {CIKM},
  year            = 2009,
  pages           = {671-680},
}

@inproceedings{yang2010-probabilistic,
  author          = {Bin Yang and Hua Lu and Christian S. Jensen},
  title           = {Probabilistic threshold k nearest neighbor queries over moving objects in symbolic indoor space},
  booktitle       = {EDBT},
  year            = 2010,
  pages           = {335-346},
}

@inproceedings{yang2012-rfid,
  author          = {Lei Yang and Jiannong Cao and Weiping Zhu and ShaoJie Tang},
  title           = {A hybrid method for achieving high accuracy and efficiency in object tracking using passive RFID},
  booktitle       = {PerCom},
  year            = 2012,
  pages           = {109-115},
}

@inproceedings{yu2013-rfid,
  author          = {Jiao Yu and Wei-Shinn Ku and Min-Te Sun and Hua Lu},
  title           = {An RFID and particle filter-based indoor spatial query evaluation system},
  booktitle       = {EDBT},
  year            = 2013,
  pages           = {263-274},
}
